<record xmlns='http://www.loc.gov/MARC21/slim'><leader>01051cim a22003012u 4500</leader><controlfield tag='001'>3601373</controlfield><controlfield tag='005'>20151214182837.0</controlfield><controlfield tag='007'>ss|lmnjluz|nuu</controlfield><controlfield tag='008'>991101s1984    nyunnn         l    eng d</controlfield><datafield ind1=' ' ind2=' ' tag='035'><subfield code='a'>(NIC)notisASF8438</subfield></datafield><datafield ind1=' ' ind2=' ' tag='035'><subfield code='a'>3601373</subfield></datafield><datafield ind1=' ' ind2=' ' tag='035'><subfield code='a'>(OCoLC)63897490</subfield></datafield><datafield ind1=' ' ind2=' ' tag='040'><subfield code='a'>NIC</subfield><subfield code='c'>NIC</subfield><subfield code='d'>NIC</subfield><subfield code='d'>NIC</subfield></datafield><datafield ind1='1' ind2=' ' tag='100'><subfield code='a'>Lowi, Theodore J.</subfield></datafield><datafield ind1='1' ind2='0' tag='245'><subfield code='a'>Can Anyone Defeat Reagan?</subfield><subfield code='h'>[sound recording]</subfield></datafield><datafield ind1=' ' ind2=' ' tag='260'><subfield code='c'>1984.</subfield></datafield><datafield ind1=' ' ind2=' ' tag='300'><subfield code='a'>1 sound cassette (90 min.) :</subfield><subfield code='b'>analog, mono.</subfield></datafield><datafield ind1=' ' ind2=' ' tag='500'><subfield code='a'>Recorded in Ithaca, NY by Cornell University.</subfield></datafield><datafield ind1=' ' ind2=' ' tag='518'><subfield code='a'>Lecture, March 6, 1984.</subfield></datafield><datafield ind1=' ' ind2=' ' tag='520'><subfield code='a'>Lowi and Ginsberg discuss the possibility and probability of Reagan being defeated in the upcoming election.</subfield></datafield><datafield ind1=' ' ind2='0' tag='650'><subfield code='a'>Politics, Practical.</subfield></datafield><datafield ind1=' ' ind2='0' tag='650'><subfield code='a'>Elections</subfield><subfield code='x'>Presidents</subfield><subfield code='x'>United States.</subfield></datafield><datafield ind1='1' ind2='0' tag='610'><subfield code='a'>United States.</subfield><subfield code='b'>President (1981-1989 : Reagan)      </subfield></datafield><datafield ind1=' ' ind2='7' tag='650'><subfield code='a'>Politics, Practical</subfield><subfield code='2'>fast</subfield><subfield code='0'>(OCoLC)fst01069977</subfield></datafield><datafield ind1='1' ind2=' ' tag='700'><subfield code='a'>Ginsberg, Benjamin.</subfield></datafield><datafield ind1='1' ind2=' ' tag='899'><subfield code='a'>CULectures</subfield></datafield><datafield ind1=' ' ind2=' ' tag='905'><subfield code='a'>20000320120000.0</subfield></datafield><datafield ind1='2' ind2=' ' tag='948'><subfield code='a'>20141221</subfield><subfield code='b'>m</subfield><subfield code='d'>batch</subfield><subfield code='e'>lts</subfield><subfield code='x'>addfast</subfield></datafield></record>